@inproceedings{MacKenzie:1999:DEH:302979.302983,
 author = {MacKenzie, I. Scott and Zhang, Shawn X.},
 title = {The Design and Evaluation of a High-performance Soft Keyboard},
 series = {CHI '99},
 year = {1999},
 isbn = {0-201-48559-1},
 location = {Pittsburgh, Pennsylvania, USA},
 pages = {25--31},
 numpages = {7},
 acmid = {302983},
 publisher = {ACM},
 address = {New York, NY, USA},
 keywords = {Fitts' law, digraph probabilities, linguistic models, mobile systems, pen input, soft keyboards, stylus input},
} 

@inproceedings{Boring:2012:FTU:2371664.2371711,
 author = {Boring, Sebastian and Ledo, David and Chen, Xiang 'Anthony' and Marquardt, Nicolai and Tang, Anthony and Greenberg, Saul},
 title = {The Fat Thumb: Using the Thumb's Contact Size for Single-handed Mobile Interaction},Companion},
 series = {MobileHCI '12},
 year = {2012},
 
 isbn = {978-1-4503-1443-5},
 location = {San Francisco, Cal
 
 ifornia, USA},
 pages = {207--208},
 numpages = {2},
 acmid = {2371711},
 publisher = {ACM},
 address = {New York, NY, USA},
 keywords = {mobile device, single-handed interaction, touch-screen},
} 

@inproceedings{Oney:2013:ZDQ:2470654.2481387,
 author = {Oney, Stephen and Harrison, Chris and Ogan, Amy and Wiese, Jason},
 title = {ZoomBoard: A Diminutive Qwerty Soft Keyboard Using Iterative Zooming for Ultra-small Devices},
 series = {CHI '13},
 year = {2013},
 isbn = {978-1-4503-1899-0},
 location = {Paris, France},
 pages = {2799--2802},
 numpages = {4},
 acmid = {2481387},
 publisher = {ACM},
 address = {New York, NY, USA},
 keywords = {fat finger, handheld device, interaction technique, mobile input, text entry, zooming user interfaces},
} 

@inproceedings{Chen:2014:STE:2642918.2647354,
 author = {Chen, Xiang 'Anthony' and Grossman, Tovi and Fitzmaurice, George},
 title = {Swipeboard: A Text Entry Technique for Ultra-small Interfaces That Supports Novice to Expert Transitions},
 series = {UIST '14},
 year = {2014},
 isbn = {978-1-4503-3069-5},
 location = {Honolulu, Hawaii, USA},
 pages = {615--620},
 numpages = {6},
 acmid = {2647354},
 publisher = {ACM},
 address = {New York, NY, USA},
 keywords = {input technique, mobile device, swipeboard, text entry},
} 

@inproceedings{Hong:2015:SSS:2702123.2702273,
 author = {Hong, Jonggi and Heo, Seongkook and Isokoski, Poika and Lee, Geehyuk},
 title = {SplitBoard: A Simple Split Soft Keyboard for Wristwatch-sized Touch Screens},
 series = {CHI '15},
 year = {2015},
 isbn = {978-1-4503-3145-6},
 location = {Seoul, Republic of Korea},
 pages = {1233--1236},
 numpages = {4},
 acmid = {2702273},
 publisher = {ACM},
 address = {New York, NY, USA},
 keywords = {smartwatch, soft keyboard, splitboard, text entry},
} 

@inproceedings{Stewart:2010:CPI:1753326.1753444,
 author = {Stewart, Craig and Rohs, Michael and Kratz, Sven and Essl, Georg},
 title = {Characteristics of Pressure-based Input for Mobile Devices},
 series = {CHI '10},
 year = {2010},
 isbn = {978-1-60558-929-9},
 location = {Atlanta, Georgia, USA},
 pages = {801--810},
 numpages = {10},
 acmid = {1753444},
 publisher = {ACM},
 address = {New York, NY, USA},
 keywords = {haptic feedback, input device, interaction technique, mobile device, pressure input, pressure-based interaction, tactile feedback},
} 

@inproceedings{Heo:2012:FUP:2414536.2414572,
 author = {Heo, Seongkook and Lee, Geehyuk},
 title = {ForceDrag: Using Pressure As a Touch Input Modifier},
 series = {OzCHI '12},
 year = {2012},
 isbn = {978-1-4503-1438-1},
 location = {Melbourne, Australia},
 pages = {204--207},
 numpages = {4},
 acmid = {2414572},
 publisher = {ACM},
 address = {New York, NY, USA},
 keywords = {drag gesture, force, input modifier, pressure, touch screen},
} 

@inproceedings{McCallum:2009:PPI:1520340.1520693,
 author = {McCallum, David C. and Mak, Edward and Irani, Pourang and Subramanian, Sriram},
 title = {PressureText: Pressure Input for Mobile Phone Text Entry},
 series = {CHI EA '09},
 year = {2009},
 isbn = {978-1-60558-247-4},
 location = {Boston, MA, USA},
 pages = {4519--4524},
 numpages = {6},
 acmid = {1520693},
 publisher = {ACM},
 address = {New York, NY, USA},
 keywords = {mobile phone text-entry, multi-level button, pressure input},
} 

@inproceedings{Wilson:2010:PMS:1851600.1851631,
 author = {Wilson, Graham and Stewart, Craig and Brewster, Stephen A.},
 title = {Pressure-based Menu Selection for Mobile Devices},
 series = {MobileHCI '10},
 year = {2010},
 isbn = {978-1-60558-835-3},
 location = {Lisbon, Portugal},
 pages = {181--190},
 numpages = {10},
 acmid = {1851631},
 publisher = {ACM},
 address = {New York, NY, USA},
 keywords = {mobile interaction, non-visual feedback, pressure input},
} 

@inproceedings{Stewart:2012:EIV:2371574.2371581,
 author = {Stewart, Craig and Hoggan, Eve and Haverinen, Laura and Salamin, Hugues and Jacucci, Giulio},
 title = {An Exploration of Inadvertent Variations in Mobile Pressure Input},
 series = {MobileHCI '12},
 year = {2012},
 isbn = {978-1-4503-1105-2},
 location = {San Francisco, California, USA},
 pages = {35--38},
 numpages = {4},
 acmid = {2371581},
 publisher = {ACM},
 address = {New York, NY, USA},
 keywords = {accidental triggers, implicit interaction, mobile interaction, pressure},
} 


@inproceedings{Wilson:2012:IOM:2212776.2223700,
 author = {Wilson, Graham and Hannah, David and Brewster, Stephen and Halvey, Martin},
 title = {Investigating One-handed Multi-digit Pressure Input for Mobile Devices},
 series = {CHI EA '12},
 year = {2012},
 isbn = {978-1-4503-1016-1},
 location = {Austin, Texas, USA},
 pages = {1727--1732},
 numpages = {6},
 acmid = {2223700},
 publisher = {ACM},
 address = {New York, NY, USA},
 keywords = {mobile interaction, pressure input},
} 

@inproceedings{MacKenzie:2003:PSE:765891.765971,
 author = {MacKenzie, I. Scott and Soukoreff, R. William},
 title = {Phrase Sets for Evaluating Text Entry Techniques},
 series = {CHI EA '03},
 year = {2003},
 isbn = {1-58113-637-4},
 location = {Ft. Lauderdale, Florida, USA},
 pages = {754--755},
 numpages = {2},
 acmid = {765971},
 publisher = {ACM},
 address = {New York, NY, USA},
 keywords = {hand held devices and mobile computing, input and interaction technologies, pen and tactile input},
} 

@inproceedings{Soukoreff:2001:MET:634067.634256,
 author = {Soukoreff, R. William and MacKenzie, I. Scott},
 title = {Measuring Errors in Text Entry Tasks: An Application of the Levenshtein String Distance Statistic},
 series = {CHI EA '01},
 year = {2001},
 isbn = {1-58113-340-5},
 location = {Seattle, Washington},
 pages = {319--320},
 numpages = {2},
 acmid = {634256},
 publisher = {ACM},
 address = {New York, NY, USA},
 keywords = {Levenshtein minimum string distance, error rates, text entry},
} 


@article{Zhai:2012:WKR:2330667.2330689,
 author = {Zhai, Shumin and Kristensson, Per Ola},
 title = {The Word-gesture Keyboard: Reimagining Keyboard Interaction},
 journal = {Commun. ACM},
 issue_date = {September 2012},
 volume = {55},
 number = {9},
 month = sep,
 year = {2012},
 issn = {0001-0782},
 pages = {91--101},
 numpages = {11},
 acmid = {2330689},
 publisher = {ACM},
 address = {New York, NY, USA},
} 

@inproceedings{Wobbrock:2003:EST:964696.964703,
 author = {Wobbrock, Jacob O. and Myers, Brad A. and Kembel, John A.},
 title = {EdgeWrite: A Stylus-based Text Entry Method Designed for High Accuracy and Stability of Motion},
 booktitle = {Proceedings of the 16th Annual ACM Symposium on User Interface Software and Technology},
 series = {UIST '03},
 year = {2003},
 isbn = {1-58113-636-6},
 location = {Vancouver, Canada},
 pages = {61--70},
 numpages = {10},
 acmid = {964703},
 publisher = {ACM},
 address = {New York, NY, USA},
 keywords = {PDAs, assistive technology, computer access, corners, edges, gesture recognition, graffiti, handhelds, motor impairments, palm, pebbles, text entry, text input, unistrokes},
} 

@inproceedings{Wigdor:2004:CCC:985692.985703,
 author = {Wigdor, Daniel and Balakrishnan, Ravin},
 title = {A Comparison of Consecutive and Concurrent Input Text Entry Techniques for Mobile Phones},
 booktitle = {Proceedings of the SIGCHI Conference on Human Factors in Computing Systems},
 series = {CHI '04},
 year = {2004},
 isbn = {1-58113-702-8},
 location = {Vienna, Austria},
 pages = {81--88},
 numpages = {8},
 acmid = {985703},
 publisher = {ACM},
 address = {New York, NY, USA},
 keywords = {chording, mobile phones, text input},
} 

@INPROCEEDINGS{4067721, 
author={Blasko, G. and Feiner, S.}, 
booktitle={Wearable Computers, 2006 10th IEEE International Symposium on}, 
title={Evaluation of an Eyes-Free Cursorless Numeric Entry System for Wearable Computers}, 
year={2006}, 
month={Oct}, 
pages={21-28}, 
keywords={haptic interfaces;tactile sensors;wearable computers;button-based methods;eyes-free cursorless numeric entry system;parameter selection;passive haptics;touch sensor;touch-sensor;user interfaces;watch-sized wrist-worn computer;wearable computers;Computer interfaces;Computer science;Displays;Feedback;Fingers;Haptic interfaces;Navigation;Tactile sensors;User interfaces;Wearable computers}, 
doi={10.1109/ISWC.2006.286338}, 
ISSN={1550-4816},}

@inproceedings{Isokoski:2004:PMS:985692.985746,
 author = {Isokoski, Poika},
 title = {Performance of Menu-augmented Soft Keyboards},
 booktitle = {Proceedings of the SIGCHI Conference on Human Factors in Computing Systems},
 series = {CHI '04},
 year = {2004},
 isbn = {1-58113-702-8},
 location = {Vienna, Austria},
 pages = {423--430},
 numpages = {8},
 acmid = {985746},
 publisher = {ACM},
 address = {New York, NY, USA},
 keywords = {Fitts' law, marking menu, soft keyboard, text entry},
} 

@inproceedings{Isokoski:2010:MET:1868914.1869004,
 author = {Isokoski, Poika and Martin, Beno\^{\i}t and Gandouly, Paul and Stephanov, Thomas},
 title = {Motor Efficiency of Text Entry in a Combination of a Soft Keyboard and Unistrokes},
 booktitle = {Proceedings of the 6th Nordic Conference on Human-Computer Interaction: Extending Boundaries},
 series = {NordiCHI '10},
 year = {2010},
 isbn = {978-1-60558-934-3},
 location = {Reykjavik, Iceland},
 pages = {683--686},
 numpages = {4},
 acmid = {1869004},
 publisher = {ACM},
 address = {New York, NY, USA},
 keywords = {UniKeyb, soft keyboard, text entry, unistroke},
} 
@inproceedings{Wigdor:2003:TUT:964696.964705,
 author = {Wigdor, Daniel and Balakrishnan, Ravin},
 title = {TiltText: Using Tilt for Text Input to Mobile Phones},
 booktitle = {Proceedings of the 16th Annual ACM Symposium on User Interface Software and Technology},
 series = {UIST '03},
 year = {2003},
 isbn = {1-58113-636-6},
 location = {Vancouver, Canada},
 pages = {81--90},
 numpages = {10},
 acmid = {964705},
 publisher = {ACM},
 address = {New York, NY, USA},
 keywords = {mobile phones, text entry, tilt input},
} 


@inproceedings{Nesbat:2003:SFF:958432.958437,
 author = {Nesbat, Saied B.},
 title = {A System for Fast, Full-text Entry for Small Electronic Devices},
 booktitle = {Proceedings of the 5th International Conference on Multimodal Interfaces},
 series = {ICMI '03},
 year = {2003},
 isbn = {1-58113-621-8},
 location = {Vancouver, British Columbia, Canada},
 pages = {4--11},
 numpages = {8},
 acmid = {958437},
 publisher = {ACM},
 address = {New York, NY, USA},
 keywords = {Fitts' law, keypad input, mobile phones, mobile systems, pen-based, soft keyboard, stylus input, text entry},
} 

@inproceedings{Vogel:2007:STO:1240624.1240727,
 author = {Vogel, Daniel and Baudisch, Patrick},
 title = {Shift: A Technique for Operating Pen-based Interfaces Using Touch},
 booktitle = {Proceedings of the SIGCHI Conference on Human Factors in Computing Systems},
 series = {CHI '07},
 year = {2007},
 isbn = {978-1-59593-593-9},
 location = {San Jose, California, USA},
 pages = {657--666},
 numpages = {10},
 acmid = {1240727},
 publisher = {ACM},
 address = {New York, NY, USA},
 keywords = {interaction techniques, mobile devices, occlusion, precise target acquisition, touch-screens},
} 

@inproceedings{Stewart:2012:EIV:2371574.2371581,
 author = {Stewart, Craig and Hoggan, Eve and Haverinen, Laura and Salamin, Hugues and Jacucci, Giulio},
 title = {An Exploration of Inadvertent Variations in Mobile Pressure Input},
 booktitle = {Proceedings of the 14th International Conference on Human-computer Interaction with Mobile Devices and Services},
 series = {MobileHCI '12},
 year = {2012},
 isbn = {978-1-4503-1105-2},
 location = {San Francisco, California, USA},
 pages = {35--38},
 numpages = {4},
 url = {http://doi.acm.org/10.1145/2371574.2371581},
 doi = {10.1145/2371574.2371581},
 acmid = {2371581},
 publisher = {ACM},
 address = {New York, NY, USA},
 keywords = {accidental triggers, implicit interaction, mobile interaction, pressure},
} 

@inproceedings{MacKenzie:2002:KCT:645739.666587,
 author = {MacKenzie, I. Scott},
 title = {KSPC (Keystrokes Per Character) As a Characteristic of Text Entry Techniques},
 booktitle = {Proceedings of the 4th International Symposium on Mobile Human-Computer Interaction},
 series = {Mobile HCI '02},
 year = {2002},
 isbn = {3-540-44189-1},
 pages = {195--210},
 numpages = {16},
 acmid = {666587},
 publisher = {Springer-Verlag},
 address = {London, UK, UK},
} 


@inproceedings{Hwang:2005:QKL:1056808.1056946,
 author = {Hwang, Sunyu and Lee, Geehyuk},
 title = {Qwerty-like 3x4 Keypad Layouts for Mobile Phone},
 booktitle = {CHI '05 Extended Abstracts on Human Factors in Computing Systems},
 series = {CHI EA '05},
 year = {2005},
 isbn = {1-59593-002-7},
 location = {Portland, OR, USA},
 pages = {1479--1482},
 numpages = {4},
 acmid = {1056946},
 publisher = {ACM},
 address = {New York, NY, USA},
 keywords = {QWERTY keyboard layout, QWERTY-like keypad layouts, mobile phone},
} 